<record><leader>00000cas a2200000 a 4500</leader><controlfield tag="001">51462051</controlfield><controlfield tag="008">030117d19982005gaudn ne      0    0eng c</controlfield><datafield ind1=" " ind2=" " tag="010"><subfield code="a">  2002233215</subfield></datafield><datafield ind1=" " ind2=" " tag="040"><subfield code="a">GUA</subfield><subfield code="b">eng</subfield><subfield code="c">GUA</subfield><subfield code="d">NSD</subfield><subfield code="d">GUA</subfield><subfield code="d">OCLCQ</subfield><subfield code="d">OCLCF</subfield><subfield code="d">OCLCO</subfield></datafield><datafield ind1="1" ind2=" " tag="029"><subfield code="a">AU@</subfield><subfield code="b">000024361412</subfield></datafield><datafield ind1=" " ind2=" " tag="042"><subfield code="a">pcc</subfield></datafield><datafield ind1=" " ind2=" " tag="043"><subfield code="a">n-us-ga</subfield></datafield><datafield ind1="0" ind2=" " tag="130"><subfield code="a">News daily (Jonesboro, Ga. : 1998)</subfield></datafield><datafield ind1="1" ind2="0" tag="245"><subfield code="a">News daily.</subfield></datafield><datafield ind1=" " ind2=" " tag="260"><subfield code="a">Jonesboro, Ga. :</subfield><subfield code="b">Community Newspaper Holdings, Inc.,</subfield><subfield code="c">[1998]-</subfield></datafield><datafield ind1=" " ind2=" " tag="300"><subfield code="a">v.</subfield></datafield><datafield ind1=" " ind2=" " tag="310"><subfield code="a">Daily (except Sun.),</subfield><subfield code="b">&lt;June 1, 1998-&gt;</subfield></datafield><datafield ind1=" " ind2=" " tag="321"><subfield code="a">Daily (except Sat.),</subfield><subfield code="b">1998-</subfield></datafield><datafield ind1="0" ind2=" " tag="362"><subfield code="a">Vol. 27, no. 199 (Mar. 23, 1998)-</subfield></datafield><datafield ind1="1" ind2=" " tag="362"><subfield code="a">Ceased with vol. 34, no. 221 (Sept. 15, 2005).</subfield></datafield><datafield ind1=" " ind2=" " tag="530"><subfield code="a">Also on microfilm: Athens, Ga. : University of Georgia Libraries.</subfield></datafield><datafield ind1=" " ind2=" " tag="580"><subfield code="a">On weekends, subscribers receive Daily herald weekend news daily.</subfield></datafield><datafield ind1=" " ind2=" " tag="588"><subfield code="a">Latest issue consulted: Vol. 34, no. 221 (Sept. 15, 2005).</subfield></datafield><datafield ind1=" " ind2="0" tag="651"><subfield code="a">Clayton County (Ga.)</subfield><subfield code="v">Newspapers.</subfield></datafield><datafield ind1=" " ind2="7" tag="655"><subfield code="a">Newspapers.</subfield><subfield code="2">fast</subfield><subfield code="0">(OCoLC)fst01423814</subfield></datafield><datafield ind1=" " ind2="7" tag="651"><subfield code="a">Georgia</subfield><subfield code="z">Clayton County.</subfield><subfield code="2">fast</subfield><subfield code="0">(OCoLC)fst01209685</subfield></datafield><datafield ind1=" " ind2=" " tag="752"><subfield code="a">United States</subfield><subfield code="b">Georgia</subfield><subfield code="c">Clayton</subfield><subfield code="d">Jonesboro.</subfield></datafield><datafield ind1="0" ind2="0" tag="780"><subfield code="t">Clayton news/daily</subfield><subfield code="w">(DLC)sn 89053173</subfield><subfield code="w">(OCoLC)19538521</subfield></datafield><datafield ind1="0" ind2="0" tag="785"><subfield code="t">Clayton news daily</subfield><subfield code="w">(DLC)  2010233182</subfield><subfield code="w">(OCoLC)641218109</subfield></datafield><datafield ind1="1" ind2=" " tag="787"><subfield code="t">Daily herald weekend news daily</subfield><subfield code="w">(DLC)  2008233472</subfield><subfield code="w">(OCoLC)220895701</subfield></datafield></record>